@Misc{Canuda_2020_3565475,
  author       = {Witek, Helvi and
                  Zilhao, Miguel and
                  Ficarra, Giuseppe and
                  Elley, Matthew},
  title        = {{Canuda: a public numerical relativity library to
                   probe fundamental physics}},
  month        = may,
  year         = 2020,
  publisher    = {Zenodo},
  doi          = {10.5281/zenodo.3565475},
  url          = {https://doi.org/10.5281/zenodo.3565475}
}

@article{Okawa:2014nda,
    author = "Okawa, Hirotada and Witek, Helvi and Cardoso, Vitor",
    title = "{Black holes and fundamental fields in Numerical Relativity: initial data construction and evolution of bound states}",
    eprint = "1401.1548",
    archivePrefix = "arXiv",
    primaryClass = "gr-qc",
    doi = "10.1103/PhysRevD.89.104032",
    journal = "Phys. Rev. D",
    volume = "89",
    number = "10",
    pages = "104032",
    year = "2014"
}




@article{Cunha:2017wao,
    author = "Cunha, Pedro V.P. and Font, Jos\'{e} A. and Herdeiro, Carlos and Radu, Eugen and Sanchis-Gual, Nicolas and Zilh\~{a}o, Miguel",
    title = "{Lensing and dynamics of ultracompact bosonic stars}",
    eprint = "1709.06118",
    archivePrefix = "arXiv",
    primaryClass = "gr-qc",
    doi = "10.1103/PhysRevD.96.104040",
    journal = "Phys. Rev. D",
    volume = "96",
    number = "10",
    pages = "104040",
    year = "2017"
}
